@misc{credit:2010 ,
author = {Hans Hofmann},
year = {1994},
title = {{UCI} Machine Learning Repository},
note         = {\begin{footnotesize}\url{http://bit.ly/laDAFC}\end{footnotesize}},
institution = {University of California, Irvine, School of Information and Computer Sciences} 
}

@misc{Rproject,
       title        = {R: A Language and Environment for Statistical
                       Computing},
       author       = {{R Development Core Team}},
       organization = {R Foundation for Statistical Computing},
       address      = {Vienna, Austria},
       year         = 2010,
       note         = {\begin{footnotesize}\url{http://www.R-project.org}\end{footnotesize}},
     }

@misc{st1,
  author = "Pat Bartlein",
  title = "Data Analysis and Visualization",
  year = "2009",
  address = "Dept. Geography, Univ. Oregon, USA",
  note = {\begin{footnotesize}\url{http://geography.uoregon.edu/bartlein/old_courses/geog414f03/lectures/lec04.htm}\end{footnotesize}}
}

@misc{st2,
  author = "William M.K. Trochim ",
  title = "Research methods knowledge base",
  year = "2006",
  address = "Cornell University, USA",
  note = {\begin{footnotesize}\url{http://geography.uoregon.edu/bartlein/old_courses/geog414f03/lectures/lec04.htm}\end{footnotesize}}
}

@misc{st3,
  author = "John M. Quick",
  title = "R Tutorial Series: Summary and Descriptive Statistics",
  year = "2009",
  note = {\begin{footnotesize}\url{http://www.r-bloggers.com/r-tutorial-series-summary-and-descriptive-statistics/}\end{footnotesize}}
}

@BOOK{ staplicaciones,
AUTHOR    = {Dennis D. Wackerly and Richard L. Scheaffer and William Mendenhall}, 
TITLE     = {Estad'istica matem'atica con aplicaciones},
YEAR      = {2002},
Address   = {M'exico},
Edition   = {6},
}





